@book{bishop2006pattern,
  title={Pattern recognition and machine learning},
  author={Bishop, Christopher M and others},
  volume={1},
  year={2006},
  publisher={springer New York}
}

@misc{langford2005overfit,
  author = {John Langford},
  title = {\emph{Clever Methods of Overfitting}},
  month = feb,
  year = {2005},
  howpublished = {\myurl{http://hunch.net/?p=22}}
}

@inproceedings{jaakkola1999using,
  title={Using the Fisher kernel method to detect remote protein homologies.},
  author={Jaakkola, Tommi and Diekhans, Mark and Haussler, David},
  booktitle={ISMB},
  volume={99},
  pages={149-158},
  year={1999}
}

@misc{aasa2014visulization,
  author = {Aasa Feragen},
  title = {\emph{Visualization and dimensionality reduction 2}},
  year = {2014}
}

@book{thomas2009introduction,
  title={Introduction to algorithms},
  author={Cormen, Thomas h and others},
  year={2009},
  publisher={MIT press}
}

@misc{assignment1,
  title={Minimum-cost Flow, Advanced Algirithms 2014 Assignment 1},
  author={Noy Rotbart and Christian Wulff-Nilsen},
  year={2014}
}