%% Notes for AAD %%
@Book{CLRS,
   author		= "{CLRS}",
   title		= "Introduction To Algorithms",
   publisher	= "The MIT Press",
   year		=  2009,
   address		= "USA",
   edition		= "Third"
}

%% BA Project %%
@Book{grammar_of_graphics,
   author		= "Leland {Wilkinson}",
   title		= "Grammar of Graphics",
   publisher	= "Springer",
   year		=  2005,
   address		= "Canada",
   edition		= "Second"
}

@misc{vega,
   author 		= "{Trifacta}",
   title 		= "Vega",
   month 		= "October",
   year 		= "2013",
   url 			= "http://trifacta.github.io/vega"
}

@article{monoids,
   author 		= "Brent A. {Yorgey}",
   year 		= "2012",
   title 		= "Monoids: Theme and Variations (Functional Pearl)",
   journal 		= "Haskell '12",
   volume 		= "47" ,
   pages 		= "105--116 "
}

@article{layered_grammar,
   author 		= "Hadley {Wickham}",
   year 		= "2010",
   title 		= "A Layered Grammar of Graphics",
   journal 		= "Journal of Computational and Graphical Statistics",
   volume 		= "19" ,
   pages 		= "3--28"
}

@misc{pudding,
   author 		= "{Jones, Seward and Eber}",
   title 		= "Composing contracts",
   month 		= "September",
   year 		= "2000",
   url 			= "http://research.microsoft.com/en-us/um/people/simonpj/Papers/financial-contracts/contracts-icfp.htm"
}

@misc{ggplot2,
   author   		= "Hadley {Wickham}",
   title		= "ggplot2",
   month		= "March",
   year		= "2014",
   url			= "http://ggplot2.org"
}

@misc{3penny,
   author		= "Heinrich {Apfelmus}",
   title		= "Threepenny-gui",
   month		= "March",
   year		= "2014",
   url			= "http://www.haskell.org/haskellwiki/Threepenny-gui"
}

@misc{frp,
   author		= "{Haskell}",
   title		= "Functional Reactive Programming",
   month		= "March",
   year		= "2014",
   url			= "http://www.haskell.org/haskellwiki/Functional_Reactive_Programming"
}

@misc{pygal,
   author		= "{Python}",
   title		= "Pygal",
   month		= "March",
   year		= "2014",
   url			= "http://pygal.org"
}
